%% This BibTeX bibliography file was created using BibDesk.
%% https://bibdesk.sourceforge.io/

%% Created for Julian Loss at 2021-05-23 09:11:38 +0100 


%% Saved with string encoding Unicode (UTF-8) 
@misc{cryptoeprint:2020/739,
      author = {Peter Chvojka and Tibor Jager and Daniel Slamanig and Christoph Striecks},
      title = {Versatile and Sustainable Timed-Release Encryption and Sequential Time-Lock Puzzles},
      howpublished = {ESORICS 2021},
      year = {2021},
      note = {\url{https://eprint.iacr.org/2020/739}},
}


@techreport{RSW96,
	author = {Ronald L. Rivest and Adi Shamir and David A. Wagner},
	date-modified = {2021-05-20 08:45:35 +0100},
	title = {Time-lock puzzles and timed-release crypto},
	year = {1996}}

@article{DBLP:journals/cc/ApplebaumIK06,
	author = {Benny Applebaum and Yuval Ishai and Eyal Kushilevitz},
	bibsource = {dblp computer science bibliography, https://dblp.org},
	biburl = {https://dblp.org/rec/journals/cc/ApplebaumIK06.bib},
	doi = {10.1007/s00037-006-0211-8},
	journal = {Comput. Complex.},
	number = {2},
	pages = {115--162},
	timestamp = {Sun, 15 Mar 2020 19:46:59 +0100},
	title = {Computationally Private Randomizing Polynomials and Their Applications},
	url = {https://doi.org/10.1007/s00037-006-0211-8},
	volume = {15},
	year = {2006},
	Bdsk-Url-1 = {https://doi.org/10.1007/s00037-006-0211-8}}

@misc{cryptoeprint:2018:1015,
	author = {Marshall Ball and Dana Dachman-Soled and Mukul Kulkarni and Huijia Lin and Tal Malkin},
	howpublished = {Cryptology ePrint Archive, Report 2018/1015},
	note = {\url{https://eprint.iacr.org/2018/1015}},
	title = {Non-Malleable Codes Against Bounded Polynomial Time Tampering},
	year = {2018}}

@misc{cryptoeprint:2020:779,
	author = {Naomi Ephraim and Cody Freitag and Ilan Komargodski and Rafael Pass},
	howpublished = {Cryptology ePrint Archive, Report 2020/779},
	note = {\url{https://eprint.iacr.org/2020/779}},
	title = {Non-Malleable Time-Lock Puzzles and Applications},
	year = {2020}}

@book{books/crc/KatzLindell2014,
	author = {Jonathan Katz and Yehuda Lindell},
	publisher = {Chapman and Hall/CRC Press},
	title = {Introduction to Modern Cryptography, Second Edition},
	year = 2014}

@incollection{DBLP:books/sp/17/Applebaum17,
	author = {Benny Applebaum},
	bibsource = {dblp computer science bibliography, https://dblp.org},
	biburl = {https://dblp.org/rec/books/sp/17/Applebaum17.bib},
	booktitle = {Tutorials on the Foundations of Cryptography},
	crossref = {DBLP:books/sp/L2017},
	doi = {10.1007/978-3-319-57048-8\_1},
	pages = {1--44},
	timestamp = {Thu, 29 Jun 2017 17:41:26 +0200},
	title = {Garbled Circuits as Randomized Encodings of Functions: a Primer},
	url = {https://doi.org/10.1007/978-3-319-57048-8\_1},
	year = {2017},
	Bdsk-Url-1 = {https://doi.org/10.1007/978-3-319-57048-8%5C_1}}

@article{DBLP:journals/tissec/CheonHKO08,
	author = {Jung Hee Cheon and Nicholas Hopper and Yongdae Kim and Ivan Osipkov},
	bibsource = {dblp computer science bibliography, https://dblp.org},
	biburl = {https://dblp.org/rec/journals/tissec/CheonHKO08.bib},
	doi = {10.1145/1330332.1330336},
	journal = {{ACM} Trans. Inf. Syst. Secur.},
	number = {2},
	pages = {4:1--4:44},
	timestamp = {Tue, 06 Nov 2018 12:50:47 +0100},
	title = {Provably Secure Timed-Release Public Key Encryption},
	url = {https://doi.org/10.1145/1330332.1330336},
	volume = {11},
	year = {2008},
	Bdsk-Url-1 = {https://doi.org/10.1145/1330332.1330336}}

@techreport{May-TRC,
	author = {Timothy C. May},
	month = {February},
	title = {Timed-release crypto},
	year = {1993}}

@article{liu2018build,
	author = {Liu, Jia and Jager, Tibor and Kakvi, Saqib A and Warinschi, Bogdan},
	journal = {Designs, Codes and Cryptography},
	number = {11},
	pages = {2549--2586},
	publisher = {Springer},
	title = {How to build time-lock encryption},
	volume = {86},
	year = {2018}}

@article{DBLP:journals/cacm/BonehSW12,
	author = {Dan Boneh and Amit Sahai and Brent Waters},
	bibsource = {dblp computer science bibliography, https://dblp.org},
	biburl = {https://dblp.org/rec/journals/cacm/BonehSW12.bib},
	doi = {10.1145/2366316.2366333},
	journal = {Commun. {ACM}},
	number = {11},
	pages = {56--64},
	timestamp = {Tue, 06 Nov 2018 12:51:43 +0100},
	title = {Functional encryption: a new vision for public-key cryptography},
	url = {https://doi.org/10.1145/2366316.2366333},
	volume = {55},
	year = {2012},
	Bdsk-Url-1 = {https://doi.org/10.1145/2366316.2366333}}

@inproceedings{KBMDKS20,
	author = {Sri Aravinda Krishnan Thyagarajan and Adithya Bhat and Giulio Malavolta and Nico D{\"o}ttling and Aniket Kate and Dominique Schr{\"o}der},
	booktitle = {to appear at ACM CCS 2020, \url{https://verifiable-timed-signatures.github.io/web/assets/paper.pdf}},
	title = {Verifiable Timed Signatures Made Practical},
	year = {2020}}

@misc{cryptoeprint:2020:739,
	author = {Peter Chvojka and Tibor Jager and Daniel Slamanig and Christoph Striecks},
	howpublished = {Cryptology ePrint Archive, Report 2020/739},
	note = {\url{https://eprint.iacr.org/2020/739}},
	title = {Generic Constructions of Incremental and Homomorphic Timed-Release Encryption},
	year = {2020}}

@inproceedings{SPEED:BKSST,
	author = {Endre Bangerter and Stephan Krenn and Ahmad{-}Reza Sadeghi and Thomas Schneider and Joe{-}Kai Tsay},
	booktitle = {SPEED-CC 2009},
	title = {On the Design and Implementation of Efficient Zero-Knowledge Proofs of Knowledge},
	year = 2009}
	
@inproceedings{Libert2021OneShotFN,
  title={One-Shot {Fiat-Shamir}-based {NIZK} Arguments of Composite Residuosity in the Standard Model},
  author={Beno{\^i}t Libert and Khoa Nguyen and Thomas Peters and Moti Yung},
  year={2021}
}

@misc{cryptoeprint:2022/1498,
      author = {Peter Chvojka and Tibor Jager},
      title = {Simple, Fast, Efficient, and Tightly-Secure Non-Malleable Non-Interactive Timed Commitments},
      howpublished = {Cryptology ePrint Archive, Paper 2022/1498},
      year = {2022},
      note = {\url{https://eprint.iacr.org/2022/1498}},
      url = {https://eprint.iacr.org/2022/1498}
}
